<record><leader>00000cas a22000007a 4500</leader><controlfield tag="001">69659619</controlfield><controlfield tag="008">060531c20059999iluwr ne      0   a0eng c</controlfield><datafield ind1=" " ind2=" " tag="010"><subfield code="a">  2006213157</subfield></datafield><datafield ind1=" " ind2=" " tag="040"><subfield code="a">NSD</subfield><subfield code="b">eng</subfield><subfield code="c">NSD</subfield><subfield code="d">OCLCQ</subfield></datafield><datafield ind1=" " ind2=" " tag="012"><subfield code="l">1</subfield></datafield><datafield ind1="0" ind2=" " tag="022"><subfield code="a">1932-0787</subfield><subfield code="l">1932-0787</subfield><subfield code="2">1</subfield></datafield><datafield ind1=" " ind2=" " tag="037"><subfield code="b">Legal Record Corporation, POB 203, Eureka, IL 461530</subfield><subfield code="c">Free</subfield></datafield><datafield ind1=" " ind2=" " tag="042"><subfield code="a">nsdp</subfield><subfield code="a">pcc</subfield></datafield><datafield ind1="1" ind2="0" tag="050"><subfield code="a">ISSN RECORD</subfield></datafield><datafield ind1="1" ind2="0" tag="082"><subfield code="a">070.5</subfield><subfield code="2">14</subfield></datafield><datafield ind1=" " ind2="0" tag="222"><subfield code="a">Woodward county news bulletin</subfield></datafield><datafield ind1="0" ind2="0" tag="245"><subfield code="a">Woodward county news bulletin.</subfield></datafield><datafield ind1=" " ind2=" " tag="260"><subfield code="a">Eureka, IL :</subfield><subfield code="b">Legal Record Corp.</subfield></datafield><datafield ind1=" " ind2=" " tag="300"><subfield code="a">v.</subfield></datafield><datafield ind1=" " ind2=" " tag="310"><subfield code="a">Weekly</subfield></datafield><datafield ind1="1" ind2=" " tag="362"><subfield code="a">Began in 2005?</subfield></datafield><datafield ind1=" " ind2=" " tag="588"><subfield code="a">Description based on: Vol. 4, no. 20 (Mar. 1, 2006); title from caption.</subfield></datafield><datafield ind1="2" ind2=" " tag="710"><subfield code="a">Legal Record Corporation.</subfield></datafield><datafield ind1="0" ind2="0" tag="780"><subfield code="t">Legal record.</subfield></datafield><datafield ind1="4" ind2="2" tag="856"><subfield code="u">http://legalrecord.net</subfield></datafield><datafield ind1="1" ind2=" " tag="029"><subfield code="a">AU@</subfield><subfield code="b">000040339422</subfield></datafield></record>